@paper{ skip-grams,
author = "David Guthrie, Ben Alison, Wei Lui, Loise Gutherie, Yorick Wilks",
title = "A Closer Look ay Skip-gram Modelling",
year = "2006"}

@paper{ Edge-Factor,
author = "Omri Abend, Shay B. Cohen, Mark Steedman",
title = "Lexical Event Ordering with an Edge-Factored Model",
year = "2015"}

@paper{ NER,
author = "Satoshi Sekine, Kiyoshi Sudo, Chikashi Nobata",
title = "Extended Named Entity Hierarchy"
year = "2002"}
