@inproceedings{guthrie2006closer,
  title="A closer look at skip-gram modelling",
  author="Guthrie, David and Allison, Ben and Liu, Wei and Guthrie, Louise and Wilks, Yorick",
  booktitle="Proceedings of the 5th international Conference on Language Resources and Evaluation (LREC-2006)",
  pages="1--4",
  year="2006"
}
@inproceedings{abend2015lexical,
  title="Lexical event ordering with an edge-factored model",
  author="Abend, Omri and Cohen, Shay B and Steedman, Mark",
  booktitle="Proceedings of NAACL",
  year="2015"
}
@inproceedings{sekine2002extended,
  title="Extended Named Entity Hierarchy.",
  author="Sekine, Satoshi and Sudo, Kiyoshi and Nobata, Chikashi",
  booktitle="LREC",
  year="2002"
}
@article{foster2013featurizing,
  title="Featurizing Text: Converting Text into Predictors for Regression Analysis",
  author="Foster, Dean P and Stine, Mark Liberman Robert A",
  journal="Wharton School of the University of Pennsylvania",
  year="2013"
}
@article{li2006sentence,
  title="Sentence similarity based on semantic nets and corpus statistics",
  author="Li, Yuhua and McLean, David and Bandar, Zuhair A and O'shea, James D and Crockett, Keeley",
  journal="IEEE transactions on knowledge and data engineering",
  volume="18",
  number="8",
  pages="1138--1150",
  year="2006",
  publisher="IEEE"
}
@inproceedings{miller2010structuring,
  title="Structuring ordered nominal data for event sequence discovery",
  author="Miller, Chreston A and Quek, Francis and Ramakrishnan, Naren",
  booktitle="Proceedings of the 18th ACM international conference on Multimedia",
  pages="1075--1078",
  year="2010",
  organization="ACM"
}
@article{cornelsen2011more,
  title="More canonical ordering",
  author="Cornelsen, Melanie Badent Ulrik Brandes Sabine",
  year="2011"
}
@article{abdi2007kendall,
  title="The Kendall rank correlation coefficient",
  author="Abdi, Herve",
  journal="Encyclopedia of Measurement and Statistics. Sage, Thousand Oaks, CA",
  pages="508--510",
  year="2007",
  publisher="Citeseer"
}
@article{brown2011wikipedia,
  title="Wikipedia as a data source for political scientists: Accuracy and completeness of coverage",
  author="Brown, Adam R",
  journal="PS: Political Science \& Politics",
  volume="44",
  number="02",
  pages="339--343",
  year="2011",
  publisher="Cambridge Univ Press"
}
@article{kapanowski2015weighted,
  title="Weighted graph algorithms with Python",
  author="Kapanowski, Andrzej and Galuszka, Lukasz",
  journal="arXiv preprint arXiv:1504.07828",
  year="2015"
}
@article{dhillon2015eigenwords,
  title="Eigenwords: Spectral word embeddings",
  author="Dhillon, Paramveer S and Foster, Dean P and Ungar, Lyle H",
  journal="The Journal of Machine Learning Research",
  volume="16",
  number="1",
  pages="3035--3078",
  year="2015",
  publisher="JMLR. org"
}
@inproceedings{schmitz2012open,
  title="Open language learning for information extraction",
  author="Schmitz, Michael and Bart, Robert and Soderland, Stephen and Etzioni, Oren and others",
  booktitle="Proceedings of the 2012 Joint Conference on Empirical Methods in Natural Language Processing and Computational Natural Language Learning",
  pages="523--534",
  year="2012",
  organization="Association for Computational Linguistics"
}
@inproceedings{angeli2015leveraging,
  title="Leveraging linguistic structure for open domain information extraction",
  author="Angeli, Gabor and Premkumar, Melvin Johnson and Manning, Christopher D",
  booktitle="Proceedings of the 53rd Annual Meeting of the Association for Computational Linguistics (ACL 2015)",
  year="2015"
}
@misc{WikiStats,
  title = "Wikipedia: Size Comparison",
  howpublished = "\url{https://en.wikipedia.org/wiki/Wikipedia:Size_comparisons}",
  note = "Accessed: 23-01-2017"
}
@misc{wikibias,
title={Is Wikipedia Biased?}, url={https://insight.kellogg.northwestern.edu/article/is_wikipedia_biased}, journal={Kellogg Insight}, author={Based on the research of Shane Greenstein and Feng Zhu}, year={2012}, month={Dec}}
@MISC{kendalltau,
  title="Kendal Tau Metric",
  howpublished="https://www.encyclopediaofmath.org/index.php/Kendall\_tau\_metric",
  note="Accessed: 25-01-2017"
}
@misc{OpenIE,
  title = "OpenIE Extraction Example ",
  howpublished = "\url{http://nlp.stanford.edu/software/openie.html}",
  note = "Accessed: 27-07-2017"
}
